<record><leader>00000cas a22000007a 4500</leader><controlfield tag="001">14204882</controlfield><controlfield tag="008">860911d19022004inuwr ne      0   a0eng c</controlfield><datafield ind1=" " ind2=" " tag="010"><subfield code="a">sn 86058768 </subfield><subfield code="z">sn 87056764 </subfield><subfield code="z">sn 87001771 </subfield></datafield><datafield ind1=" " ind2=" " tag="040"><subfield code="a">NPI</subfield><subfield code="b">eng</subfield><subfield code="c">NPI</subfield><subfield code="d">NSD</subfield><subfield code="d">NPI</subfield><subfield code="d">NSD</subfield><subfield code="d">OCL</subfield><subfield code="d">MGN</subfield><subfield code="d">NPI</subfield><subfield code="d">OCLCQ</subfield><subfield code="d">NPI</subfield><subfield code="d">OCLCQ</subfield><subfield code="d">OCLCO</subfield><subfield code="d">OCLCF</subfield></datafield><datafield ind1=" " ind2=" " tag="012"><subfield code="j">0</subfield><subfield code="m">1</subfield></datafield><datafield ind1=" " ind2=" " tag="019"><subfield code="a">16665823</subfield><subfield code="a">16990602</subfield></datafield><datafield ind1="1" ind2=" " tag="022"><subfield code="a">0896-2790</subfield><subfield code="l">0896-2790</subfield><subfield code="z">0895-6383</subfield><subfield code="2">1</subfield></datafield><datafield ind1="1" ind2=" " tag="029"><subfield code="a">AU@</subfield><subfield code="b">000026328939</subfield></datafield><datafield ind1=" " ind2=" " tag="032"><subfield code="a">273020</subfield><subfield code="b">USPS</subfield></datafield><datafield ind1=" " ind2=" " tag="042"><subfield code="a">pcc</subfield><subfield code="a">nsdp</subfield></datafield><datafield ind1=" " ind2=" " tag="043"><subfield code="a">n-us-in</subfield></datafield><datafield ind1=" " ind2="4" tag="222"><subfield code="a">The Jasonville leader</subfield></datafield><datafield ind1="0" ind2="4" tag="245"><subfield code="a">The Jasonville leader.</subfield></datafield><datafield ind1="3" ind2="0" tag="246"><subfield code="a">Jasonville leader-Worthington times</subfield></datafield><datafield ind1=" " ind2=" " tag="260"><subfield code="a">Jasonville, Ind. :</subfield><subfield code="b">S.D. Dempsey,</subfield><subfield code="c">-[2004]</subfield></datafield><datafield ind1=" " ind2=" " tag="300"><subfield code="a">v. :</subfield><subfield code="b">ill. ;</subfield><subfield code="c">42-57 cm.</subfield></datafield><datafield ind1=" " ind2=" " tag="310"><subfield code="a">Weekly</subfield></datafield><datafield ind1="1" ind2=" " tag="362"><subfield code="a">Began in 1902.</subfield></datafield><datafield ind1="0" ind2=" " tag="362"><subfield code="a">-v. 105, 39 (Sept. 29, 2004).</subfield></datafield><datafield ind1=" " ind2=" " tag="500"><subfield code="a">Published also as: Jasonville leader-Worthington times, Sept. 3-Oct. 22, 1987.</subfield></datafield><datafield ind1=" " ind2=" " tag="588"><subfield code="a">Description based on: Vol. 15, no. 1 (Jan. 2, 1914).</subfield></datafield><datafield ind1=" " ind2="0" tag="651"><subfield code="a">Jasonville (Ind.)</subfield><subfield code="v">Newspapers.</subfield></datafield><datafield ind1=" " ind2="7" tag="655"><subfield code="a">Newspapers.</subfield><subfield code="2">fast</subfield><subfield code="0">(OCoLC)fst01423814</subfield></datafield><datafield ind1=" " ind2="7" tag="651"><subfield code="a">Indiana</subfield><subfield code="z">Jasonville.</subfield><subfield code="2">fast</subfield><subfield code="0">(OCoLC)fst01879146</subfield></datafield><datafield ind1=" " ind2=" " tag="752"><subfield code="a">United States</subfield><subfield code="b">Indiana</subfield><subfield code="c">Greene</subfield><subfield code="d">Jasonville.</subfield></datafield></record>